<?xml version="1.0" encoding="UTF-8"?><collection xmlns="http://www.loc.gov/MARC21/slim"><record><leader>00472nam--2200145-i-4500</leader><controlfield tag="001">000026427</controlfield><controlfield tag="002">20161230</controlfield><controlfield tag="005">20161230201036</controlfield><controlfield tag="008">060222s1000------------r-----000-0-eng-d</controlfield><datafield ind1=" " ind2=" " tag="080"><subfield code="a">531(061.3):517.93(061.3)</subfield></datafield><datafield ind1=" " ind2=" " tag="245"><subfield code="a">International symposium on nonlinear differential equations and nonlinear mechanics</subfield></datafield><datafield ind1=" " ind2=" " tag="260"><subfield code="a">New York, Academic Press, 1963, Xiv + 505p</subfield></datafield><datafield ind1=" " ind2=" " tag="700"><subfield code="a">Joseph P. Lasalle And Solomon Lefschetz</subfield></datafield><datafield ind1=" " ind2=" " tag="852"><subfield code="a">39847</subfield><subfield code="c">517.9</subfield></datafield><datafield ind1=" " ind2=" " tag="CAT"><subfield code="a">Sys</subfield><subfield code="c">20081020</subfield><subfield code="h">113408</subfield></datafield></record></collection>